@inproceedings{buchbinder14,
author = {Buchbinder, Niv and Feldman, Moran and Naor, Joseph and Schwartz, Roy},
booktitle = {Symposium on Discrete Algorithms (SODA)},
title = {Submodular Maximization with Cardinality Constraints},
year = {2014}
}

@article{golovin11,
author = {Golovin, Daniel and Krause, Andreas},
journal = {Journal of Artificial Intelligence Research (JAIR)},
title = {Adaptive Submodularity: Theory and Applications in Active Learning and Stochastic Optimization},
year = {2011}
}

@inproceedings{leskovec06,
author = {Leskovec, Jure and Faloutsos, Christos},
booktitle = {Conference on Knowledge Discovery and Data Mining (KDD)},
title = {Sampling from Large Graphs},
year = {2006}
}

@article{nemhauser78,
author = {Nemhauser, George L. and Wolsey, Laurence A. and Fisher, Marshall L.},
journal = {Mathematical Programming},
title = {An analysis of Approximations for Maximizing Submodular Set Functions},
year = {1978}
}
