@article{golovin11,
author = {Golovin, Daniel and Krause, Andreas},
journal = {Journal of Artificial Intelligence Research (JAIR)},
title = {Adaptive Submodularity: Theory and Applications in Active Learning and Stochastic Optimization},
year = {2011}
}

@inproceedings{buchbinder14,
author = {Buchbinder, Niv and Feldman, Moran and Naor, Joseph and Schwartz, Roy},
booktitle = {ACM-SIAM Symposium on Discrete Algorithms (SODA)},
title = {Submodular Maximization with Cardinality Constraints},
year = {2014}
}
